%YAML 1.1
%TAG !u! tag:unity3d.com,2011:
--- !u!1 &8593699897993526693
GameObject:
  m_ObjectHideFlags: 0
  m_CorrespondingSourceObject: {fileID: 0}
  m_PrefabInstance: {fileID: 0}
  m_PrefabAsset: {fileID: 0}
  serializedVersion: 6
  m_Component:
  - component: {fileID: 8593699897993526694}
  - component: {fileID: 8593699897993526689}
  - component: {fileID: 8593699897993526688}
  - component: {fileID: 8593699897993526695}
  m_Layer: 0
  m_Name: coin
  m_TagString: Coin
  m_Icon: {fileID: 0}
  m_NavMeshLayer: 0
  m_StaticEditorFlags: 0
  m_IsActive: 1
--- !u!4 &8593699897993526694
Transform:
  m_ObjectHideFlags: 0
  m_CorrespondingSourceObject: {fileID: 0}
  m_PrefabInstance: {fileID: 0}
  m_PrefabAsset: {fileID: 0}
  m_GameObject: {fileID: 8593699897993526693}
  m_LocalRotation: {x: -0, y: -0, z: -0, w: 1}
  m_LocalPosition: {x: 0, y: 0, z: 0}
  m_LocalScale: {x: 1, y: 1, z: 1}
  m_Children: []
  m_Father: {fileID: 8593699898317834743}
  m_RootOrder: 0
  m_LocalEulerAnglesHint: {x: 0, y: 0, z: 0}
--- !u!33 &8593699897993526689
MeshFilter:
  m_ObjectHideFlags: 0
  m_CorrespondingSourceObject: {fileID: 0}
  m_PrefabInstance: {fileID: 0}
  m_PrefabAsset: {fileID: 0}
  m_GameObject: {fileID: 8593699897993526693}
  m_Mesh: {fileID: -3292925553009838691, guid: bac98890f8483bc4e8bbb1401b8c5540, type: 3}
--- !u!23 &8593699897993526688
MeshRenderer:
  m_ObjectHideFlags: 0
  m_CorrespondingSourceObject: {fileID: 0}
  m_PrefabInstance: {fileID: 0}
  m_PrefabAsset: {fileID: 0}
  m_GameObject: {fileID: 8593699897993526693}
  m_Enabled: 1
  m_CastShadows: 1
  m_ReceiveShadows: 0
  m_DynamicOccludee: 1
  m_MotionVectors: 1
  m_LightProbeUsage: 1
  m_ReflectionProbeUsage: 1
  m_RayTracingMode: 2
  m_RayTraceProcedural: 0
  m_RenderingLayerMask: 1
  m_RendererPriority: 0
  m_Materials:
  - {fileID: 2100000, guid: ab7fb67a264729a479c2789f717dc8a6, type: 2}
  m_StaticBatchInfo:
    firstSubMesh: 0
    subMeshCount: 0
  m_StaticBatchRoot: {fileID: 0}
  m_ProbeAnchor: {fileID: 0}
  m_LightProbeVolumeOverride: {fileID: 0}
  m_ScaleInLightmap: 1
  m_ReceiveGI: 1
  m_PreserveUVs: 0
  m_IgnoreNormalsForChartDetection: 0
  m_ImportantGI: 0
  m_StitchLightmapSeams: 1
  m_SelectedEditorRenderState: 3
  m_MinimumChartSize: 4
  m_AutoUVMaxDistance: 0.5
  m_AutoUVMaxAngle: 89
  m_LightmapParameters: {fileID: 0}
  m_SortingLayerID: 0
  m_SortingLayer: 0
  m_SortingOrder: 0
  m_AdditionalVertexStreams: {fileID: 0}
--- !u!114 &8593699897993526695
MonoBehaviour:
  m_ObjectHideFlags: 0
  m_CorrespondingSourceObject: {fileID: 0}
  m_PrefabInstance: {fileID: 0}
  m_PrefabAsset: {fileID: 0}
  m_GameObject: {fileID: 8593699897993526693}
  m_Enabled: 1
  m_EditorHideFlags: 0
  m_Script: {fileID: 11500000, guid: 37eb08b76333dfc4e982bffa7aa3e30e, type: 3}
  m_Name: 
  m_EditorClassIdentifier: 
  m_OffsetRotate: {x: 0, y: 180, z: 0}
  m_OffsetMove: {x: 0, y: 0, z: 0}
  m_Speed: 3
  m_isrotate: 1
  m_ismove: 0
--- !u!1 &8593699898317834742
GameObject:
  m_ObjectHideFlags: 0
  m_CorrespondingSourceObject: {fileID: 0}
  m_PrefabInstance: {fileID: 0}
  m_PrefabAsset: {fileID: 0}
  serializedVersion: 6
  m_Component:
  - component: {fileID: 8593699898317834743}
  - component: {fileID: 8593699898317834738}
  - component: {fileID: 8593699898317834737}
  - component: {fileID: 8593699898317834736}
  m_Layer: 0
  m_Name: Coin
  m_TagString: Coin
  m_Icon: {fileID: 0}
  m_NavMeshLayer: 0
  m_StaticEditorFlags: 0
  m_IsActive: 1
--- !u!4 &8593699898317834743
Transform:
  m_ObjectHideFlags: 0
  m_CorrespondingSourceObject: {fileID: 0}
  m_PrefabInstance: {fileID: 0}
  m_PrefabAsset: {fileID: 0}
  m_GameObject: {fileID: 8593699898317834742}
  m_LocalRotation: {x: -0, y: -0, z: -0, w: 1}
  m_LocalPosition: {x: 0.14, y: 1.4, z: 8.96}
  m_LocalScale: {x: 1.0549711, y: 1.0549711, z: 1.0549711}
  m_Children:
  - {fileID: 8593699897993526694}
  - {fileID: 877120577464837944}
  m_Father: {fileID: 0}
  m_RootOrder: 0
  m_LocalEulerAnglesHint: {x: 0, y: 0, z: 0}
--- !u!54 &8593699898317834738
Rigidbody:
  m_ObjectHideFlags: 0
  m_CorrespondingSourceObject: {fileID: 0}
  m_PrefabInstance: {fileID: 0}
  m_PrefabAsset: {fileID: 0}
  m_GameObject: {fileID: 8593699898317834742}
  serializedVersion: 2
  m_Mass: 1
  m_Drag: 0
  m_AngularDrag: 0.05
  m_UseGravity: 0
  m_IsKinematic: 1
  m_Interpolate: 0
  m_Constraints: 0
  m_CollisionDetection: 0
--- !u!65 &8593699898317834737
BoxCollider:
  m_ObjectHideFlags: 0
  m_CorrespondingSourceObject: {fileID: 0}
  m_PrefabInstance: {fileID: 0}
  m_PrefabAsset: {fileID: 0}
  m_GameObject: {fileID: 8593699898317834742}
  m_Material: {fileID: 0}
  m_IsTrigger: 1
  m_Enabled: 1
  serializedVersion: 2
  m_Size: {x: 1.8518264, y: 1.8518264, z: 0.17999999}
  m_Center: {x: 0, y: 0, z: 0.2508651}
--- !u!114 &8593699898317834736
MonoBehaviour:
  m_ObjectHideFlags: 0
  m_CorrespondingSourceObject: {fileID: 0}
  m_PrefabInstance: {fileID: 0}
  m_PrefabAsset: {fileID: 0}
  m_GameObject: {fileID: 8593699898317834742}
  m_Enabled: 1
  m_EditorHideFlags: 0
  m_Script: {fileID: 11500000, guid: 060960171f5eb2c49a1bc24c3385f790, type: 3}
  m_Name: 
  m_EditorClassIdentifier: 
  m_Coin: {fileID: 8593699897993526693}
  m_CollisionParticle: {fileID: 877120577479019856}
  m_CoinCollider: {fileID: 8593699898317834737}
--- !u!1001 &9134606680591289393
PrefabInstance:
  m_ObjectHideFlags: 0
  serializedVersion: 2
  m_Modification:
    m_TransformParent: {fileID: 8593699898317834743}
    m_Modifications:
    - target: {fileID: 5294704265154442400, guid: 0e07b3f0556d6a14d8968edfda18250c, type: 3}
      propertyPath: CollisionModule.enabled
      value: 0
      objectReference: {fileID: 0}
    - target: {fileID: 8280022827585716577, guid: 0e07b3f0556d6a14d8968edfda18250c, type: 3}
      propertyPath: CollisionModule.enabled
      value: 0
      objectReference: {fileID: 0}
    - target: {fileID: 8280022827603806597, guid: 0e07b3f0556d6a14d8968edfda18250c, type: 3}
      propertyPath: m_Name
      value: MoneyCoinBlast
      objectReference: {fileID: 0}
    - target: {fileID: 8280022827604110089, guid: 0e07b3f0556d6a14d8968edfda18250c, type: 3}
      propertyPath: m_RootOrder
      value: 1
      objectReference: {fileID: 0}
    - target: {fileID: 8280022827604110089, guid: 0e07b3f0556d6a14d8968edfda18250c, type: 3}
      propertyPath: m_LocalPosition.x
      value: 0
      objectReference: {fileID: 0}
    - target: {fileID: 8280022827604110089, guid: 0e07b3f0556d6a14d8968edfda18250c, type: 3}
      propertyPath: m_LocalPosition.y
      value: -0
      objectReference: {fileID: 0}
    - target: {fileID: 8280022827604110089, guid: 0e07b3f0556d6a14d8968edfda18250c, type: 3}
      propertyPath: m_LocalPosition.z
      value: 0
      objectReference: {fileID: 0}
    - target: {fileID: 8280022827604110089, guid: 0e07b3f0556d6a14d8968edfda18250c, type: 3}
      propertyPath: m_LocalRotation.w
      value: 1
      objectReference: {fileID: 0}
    - target: {fileID: 8280022827604110089, guid: 0e07b3f0556d6a14d8968edfda18250c, type: 3}
      propertyPath: m_LocalRotation.x
      value: 0
      objectReference: {fileID: 0}
    - target: {fileID: 8280022827604110089, guid: 0e07b3f0556d6a14d8968edfda18250c, type: 3}
      propertyPath: m_LocalRotation.y
      value: 0
      objectReference: {fileID: 0}
    - target: {fileID: 8280022827604110089, guid: 0e07b3f0556d6a14d8968edfda18250c, type: 3}
      propertyPath: m_LocalRotation.z
      value: 0
      objectReference: {fileID: 0}
    - target: {fileID: 8280022827604110089, guid: 0e07b3f0556d6a14d8968edfda18250c, type: 3}
      propertyPath: m_LocalEulerAnglesHint.x
      value: 0
      objectReference: {fileID: 0}
    - target: {fileID: 8280022827604110089, guid: 0e07b3f0556d6a14d8968edfda18250c, type: 3}
      propertyPath: m_LocalEulerAnglesHint.y
      value: 0
      objectReference: {fileID: 0}
    - target: {fileID: 8280022827604110089, guid: 0e07b3f0556d6a14d8968edfda18250c, type: 3}
      propertyPath: m_LocalEulerAnglesHint.z
      value: 0
      objectReference: {fileID: 0}
    m_RemovedComponents: []
  m_SourcePrefab: {fileID: 100100000, guid: 0e07b3f0556d6a14d8968edfda18250c, type: 3}
--- !u!4 &877120577464837944 stripped
Transform:
  m_CorrespondingSourceObject: {fileID: 8280022827604110089, guid: 0e07b3f0556d6a14d8968edfda18250c, type: 3}
  m_PrefabInstance: {fileID: 9134606680591289393}
  m_PrefabAsset: {fileID: 0}
--- !u!198 &877120577479019856 stripped
ParticleSystem:
  m_CorrespondingSourceObject: {fileID: 8280022827585716577, guid: 0e07b3f0556d6a14d8968edfda18250c, type: 3}
  m_PrefabInstance: {fileID: 9134606680591289393}
  m_PrefabAsset: {fileID: 0}
